%% This BibTeX bibliography file was created using BibDesk.
%% http://bibdesk.sourceforge.net/
%% Saved with string encoding Unicode (UTF-8) 



@article{squark,
	Author = {The{\ }CMS{\ }Collaboration},
	Date-Added = {2014-07-08 22:27:36 +0000},
	Date-Modified = {2014-07-08 22:29:13 +0000},
	Journal = {Phys. Rev. D},
	Number = {012004},
	Title = {Inclusive search for squarks and gluinos in pp collisions at $\sqrt{s}$ = 7 TeV},
	Volume = {85},
	Year = {2012}}

@article{talk,
	Author = {Anderson, Dustin and Duarte, Javier and Mott, Alex and Pena, Cristian and Pierini, Maurizio},
	Date-Added = {2014-07-08 22:21:55 +0000},
	Date-Modified = {2014-07-08 22:22:54 +0000},
	Journal = {Private Communications},
	Year = {2014}}
@article{ucsb,
	Author = {D'Alfonso, Maria},
	Date-Added = {2014-08-18},
	Date-Modified = {2014-08-18},
	Journal = {Internal CMS Communications},
	Year = {2014}}
@article{susy_group,
	Author = {CMS{\ }SUSY{\ }Group},
	Date-Added = {2014-08-18},
	Date-Modified = {2014-08-18},
	Journal = {Internal CMS Communications},
	Year = {2014}}
@article{hlt,
	Author = {The{\ }CMS{\ }Collaboration},
	Date-Added = {2014-07-08 21:59:23 +0000},
	Date-Modified = {2014-07-08 22:00:01 +0000},
	Journal = {Eur. Phys. J. C},
	Number = {605},
	Title = {The CMS high level trigger},
	Volume = {46},
	Year = {2006}}

@article{lhc_detectors,
	Author = {Spiropulu,Maria and S. Stapnes},
	Date-Added = {2014-07-08 21:20:44 +0000},
	Date-Modified = {2014-07-08 21:58:20 +0000},
	Journal = {Int. J. Mod. Phys. A},
	Pages = {4081},
	Title = {LHCs ATLAS and CMS Detectors},
	Volume = {23},
	Year = {2008}}
@article{primer,
	Author = {Martin, Stephen P.},
	Date-Added = {2014-07-28},
	Date-Modified = {2014-07-28},
	Journal = {arXiv:9709356},
	Pages = {},
	Title = {},
	Volume = {},
	Year = {2011}}
@article{fastjet,
	Author = {Cacciari, Matteo and Gavin P. Salam and Gregory Soyez},
	Date-Added = {2014-08-01},
	Date-Modified = {2014-08-01},
	Journal = {arXiv:1111.6097},
	Pages = {},
	Title = {},
	Volume = {},
	Year = {2011}}
@article{razor,
	Author = {The{\ }CMS{\ }Collaboration},
	Date-Added = {2014-08-01},
	Date-Modified = {2014-08-01},
	Journal = {Phys. Rev. Lett.},
	Number = {081802},
	Title = {Inclusive Search for Supersymmetry Using Razor Variables in pp collisions at $\sqrt{s}$ = 7 TeV},
	Volume = {111},
	Year = {2013}}
@article{pythia,
	Author = {Sjostrand, Torbjorn and Stephen Mrenna and Peter Skands},
	Date-Added = {2014-08-04},
	Date-Modified = {2014-08-04},
	Journal = {JHEP},
	Number = {026},
	Title = {PYTHIA 6.4 Physics and Manual},
	Volume = {0605},
	Year = {2006}}
@article{dark,
	Author = {Dutta, Bhaskar},
	Date-Added = {2014-08-11},
	Date-Modified = {2014-08-11},
	Journal = {arXiv:1403.6217},
	Pages = {},
	Title = {},
	Volume = {},
	Year = {2014}}
@article{dark_razor,
	Author = {Fox, Patrick and Harnik, Roni and Primulando, Reinard and Yu, Chiu-Tien},
	Date-Added = {2014-08-22},
	Date-Modified = {2014-08-22},
	Journal = {arXiv:1203.1662},
	Pages = {},
	Title = {},
	Volume = {},
	Year = {2012}}
